@article{Zoubritzky_2022,
  keywords = {published},
  title={{CrystalNets.jl: Identification of Crystal Topologies}},
  author={Lionel Zoubritzky and Fran{\c{c}}ois-Xavier Coudert},
  journal={SciPost Chem.},
  volume={1},
  pages={005},
  year={2022},
  publisher={SciPost},
  doi = {10.21468/SciPostChem.1.2.005},
  url = {https://scipost.org/10.21468/SciPostChem.1.2.005},
}

% @article{Hughes2019,
%   keywords = {previous},
%   doi = {10.1002/jcc.26111},
%   url = {https://doi.org/10.1002/jcc.26111},
%   year = {2019},
%   month = nov,
%   publisher = {Wiley},
%   volume = {41},
%   number = {7},
%   pages = {619--628},
%   author = {Zak E. Hughes and Emmanuel Ren and Joseph C. R. Thacker and Benjamin C. B. Symons and Arnaldo F. Silva and Paul L. A. Popelier},
%   title = {A {FFLUX} Water Model: Flexible,  Polarizable and with a Multipolar Description of Electrostatics},
%   journal = {Journal of Computational Chemistry}
% }

% @article{Ren_2023_ml,
%   keywords = {preprint},
% 	doi = {10.26434/chemrxiv-2023-q841f},
% 	url = {https://doi.org/10.26434%2Fchemrxiv-2023-q841f},
% 	year = 2023,
% 	month = {jun},
% 	publisher = {ChemRxiv},
% 	author = {Emmanuel Ren and Fran{\c{c}}ois-Xavier Coudert},
% 	title = {Gas Separation Selectivity Prediction Based on Finely Designed Descriptors}
% }
