@article{IUPAC1985,
	title={International union of pure and applied chemistry physical chemistry division commission on colloid and surface chemistry including catalysis. vol. 57, issue 4},
	author={Sing, KSW and Everett, DH and Haul, RAW and Moscou, L and Pierotti, RA and Rouquerol, J and Siemieniewska, T},
	journal={Pure Appl Chem},
	pages={603--619},
	year={1985}
}

@book{Rouquerol2013,
	title={Adsorption by powders and porous solids: principles, methodology and applications},
	author={Rouquerol, Jean and Rouquerol, Fran{\c{c}}oise and Llewellyn, Philip and Maurin, Guillaume and Sing, Kenneth},
	year={2013},
	publisher={Academic press}
}
